
@Article{Garcia_Wagner_Hothorn_2005,
  author = {Ada L. Garcia and Karen Wagner and Torsten Hothorn and Corinna Koebnick and Hans-Joachim F. Zunft and Ulrike Trippo},
  title = {Improved Prediction of Body Fat by Measuring Skinfold Thickness, Circumferences, and Bone Breadths},
  journal = {Obesity},
  year = {2005},
  volume = {13},
  number = {3},
  pages = {626--634},
  month = {Mar},
  doi = {10.1038/oby.2005.67},
}

@article{Hothorn_Jung_2014,
  author = {Torsten Hothorn and Hans H. Jung},
  title = {{RandomForest4Life}: A Random Forest for Predicting
           {ALS} Disease Progression},
  journal = {Amyotrophic Lateral Sclerosis and Frontotemporal Degeneration},
  year = {2014},
  doi = {10.3109/21678421.2014.893361},
  volume = 15,
  pages = {444--452}
}

@article{Kueffner_Zach_Norel_2014,
  title = {Crowdsourced Analysis of Clinical Trial Data to
           Predict Amyotrophic Lateral Sclerosis Progression},
  author = {Robert K\"uffner and Neta Zach and Raquel Norel
            and Johann Hawe and David Schoenfeld and Liuxia Wang
            and Guang Li and Lilly Fang and Lester Mackey
            and Orla Hardiman and Merit Cudkowicz and Alexander Sherman
            and Gokhan Ertaylan and Moritz Grosse-Wentrup and Torsten Hothorn
            and Jules van Ligtenberg and Jakob H. Macke and Timm Meyer
            and Bernhard Sch\"olkopf and Linh Tran and Rubio Vaughan
            and Gustavo Stolovitzky and Melanie L. Leitner},
  journal = {Nature Biotechnology},
  year = 2015,
  doi = {10.1038/nbt.3051},
  volume = 33,
  pages = {51--57}
}

@article{Seibold_Brandl_Schmidl_2014,
  author = {Sebastian Seibold and Roland Brandl and Jurgen Schmidl
            and J\"orn Busse and Simon Thorn and Torsten Hothorn and 
            J\"org M\"uller},
  title = {Extinction Risk Status of Saproxylic Beetles 
           Reflects the Ecological Degradation of Forests in {Europe}},
  journal = {Conservation Biology},
  year = 2015,
  doi = {10.1111/cobi.12427},
  volume = 29,
  number = 2, 
  pages = {382--390},
}


@article{Roedel_Graeven_Fietkau_2015,
  author = {Claus R\"odel and Ullrich Graeven and Rainer Fietkau and 
            Werner Hohenberger and Torsten Hothorn and Dirk Arnold and
            Ralf-Dieter Hofheinz and Michael Ghadimi and Hendrik A. Wolff and
            Marga Lang-Welzenbach and Hans-Rudolf Raab and 
            Christian Wittekind and Philipp Str\"obel and Ludger Staib and
            Martin Wilhelm and Gerhard G. Grabenbauer and Hans Hoffmanns and
            Fritz Lindemann and Anke Schlenska-Lange and Gunnar Folprecht and
            Rolf Sauer and {Torsten Liersch on behalf of the German Rectal 
            Cancer Study Group}},
  title = {Oxaliplatin Added to Fluorouracil-based Preoperative 
           Chemoradiotherapy and Postoperative Chemotherapy of Locally 
           Advanced Rectal Cancer (the {German} {CAO/ARO/AIO-04} 
           study): Final Results of the Multicentre, Open-label,
           Randomised, Phase 3 Trial},
  journal = {The Lancet Oncology},
  year = 2015,
  doi = {10.1016/S1470-2045(15)00159-X},
  volume = 16, 
  number = 8,
  pages = {979--989},
}

@article{Fenske_Kneib_Hothorn_2011,
  author = {Nora Fenske and Thomas Kneib and Torsten Hothorn},
  title = {Identifying Risk Factors for Severe Childhood
           Malnutrition by Boosting Additive Quantile Regression},
  journal = {Journal of the American Statistical Association},
  year = 2011,
  volume = 106,
  number = 494,
  pages = {494--510},
  doi = {10.1198/jasa.2011.ap09272},
}

@article{Seibold_Zeileis_Hothorn_2017,
  author = {Heidi Seibold and Achim Zeileis and Torsten Hothorn},
  title = {Individual Treatment Effect Prediction for {ALS} Patients},
  journal = {Statistical Methods in Medical Research},
  year = {2017},
  doi = {10.1177/0962280217693034}
}

@article{Schild_Maringa_Siemer_2008,
  author = {Ralf L. Schild and Monika Maringa and J{\"o}rn Siemer and
            Bernhard Meurer and Natalie Hart and Tamme W. Goecke and Matthias Schmid 
            and Torsten Hothorn and Manfred E. Hansmann},
  title = {Weight Estimation by Three-Dimensional Ultrasound in the Small Fetus},
  journal = {Ultrasound in Obstetrics \& Gynecology},
  year = 2008,
  volume = 32,
  number = 2,
  pages = {168--175},
  doi = {10.1002/uog.6111}
}
