@Manual{pkg:mlt,
  title = {\pkg{mlt}: Most Likely Transformations},
  author = {Torsten Hothorn},
  year = {2018},
  note = {\proglang{R} package version 1.0-4},
   URL = {http://CRAN.R-project.org/package=mlt}
}
@Manual{pkg:variables,
  title = {\pkg{variables}: Variable Descriptions},
  author = {Torsten Hothorn},
  year = {2018},
  note = {\proglang{R} package version 1.0-1},
  url = {https://CRAN.R-project.org/package=variables},
}
@Manual{pkg:basefun,
  title = {\pkg{basefun}: Infrastructure for Computing with Basis Functions},
  author = {Torsten Hothorn},
  year = {2018},
  note = {\proglang{R} package version 1.0-3},
   URL = {http://CRAN.R-project.org/package=basefun}
}
@Manual{pkg:survival,
  title = {\pkg{survival}: Survival Analysis},
  author = {Terry M Therneau},
  year = {2018},
  note = {\proglang{R} package version 2.43-1},
  url = {https://CRAN.R-project.org/package=survival},
}
@Manual{pkg:trtf,
  title = {\pkg{trtf}: Transformation Trees and Forests},
  author = {Torsten Hothorn},
  year = {2018},
  note = {\proglang{R} package version 0.3-4},
   URL = {http://CRAN.R-project.org/package=trtf}
}
@Manual{pkg:tbm,
    title = {tbm: Transformation Boosting Machines},
    author = {Torsten Hothorn},
    year = 2018,
    note = {{R} package version 0.2-2},
    url = {https://r-forge.r-project.org/projects/ctm/},
}
