@article{hothorn2010model,
  title={Model-based boosting 2.0},
  author={Hothorn, Torsten and B{\"u}hlmann, Peter and Kneib, Thomas and Schmid, Matthias and Hofner, Benjamin},
  journal={Journal of Machine Learning Research},
  volume={11},
  pages={2109--2113},
  year={2010},
  url={http://jmlr.org/papers/v11/hothorn10a.html}
}

@book{tutz2011regression,
	  title={Regression for categorical data},
	    author={Tutz, Gerhard},
	      volume={34},
	        year={2011},
		  publisher={Cambridge University Press},
		  DOI={10.1017/CBO9780511842061}
}

@article{brocker2007scoring,
	  title={Scoring probabilistic forecasts: The importance of being proper},
	    author={Br{\"o}cker, Jochen and Smith, Leonard A},
	      journal={Weather and Forecasting},
	        volume={22},
		  number={2},
		    pages={382--388},
		      year={2007},
		      DOI={10.1175/WAF966.1}
}

@article{mccullagh1980regression,
	  title={Regression models for ordinal data},
	    author={McCullagh, Peter},
	      journal={Journal of the Royal Statistical Society: Series B (Methodological)},
	        volume={42},
		  number={2},
		    pages={109--127},
		      year={1980},
		        publisher={Wiley Online Library},
		        DOI={10.1111/j.2517-6161.1980.tb01109.x}
}

@article{genter1985goodness,
	  title={Goodness-of-link testing in ordinal regression models},
	    author={Genter, Frederic C and Farewell, Vernon T},
	      journal={Canadian Journal of Statistics},
	        volume={13},
		  number={1},
		    pages={37--44},
		      year={1985},
		        publisher={Wiley Online Library},
		        DOI={10.2307/3315165}
}

@inproceedings{sick2020deep,
  doi = {10.1109/icpr48806.2021.9413177},
  year = {2021},
  publisher = {{IEEE}},
  author = {Beate Sick and Torsten Hathorn and Oliver Durr},
  title = {Deep transformation models: Tackling complex regression problems with neural network based transformation models},
  booktitle = {2020 25th International Conference on Pattern Recognition ({ICPR})}
}

@article{kullback1951information,
	  title={On information and sufficiency},
	    author={Kullback, Solomon and Leibler, Richard A},
	      journal={The Annals of Mathematical Statistics},
	        volume={22},
		  number={1},
		    pages={79--86},
		      year={1951},
		        publisher={JSTOR},
		        DOI={10.1214/aoms/1177729694}
}

@article{gneiting2005weather,
  title={Weather forecasting with ensemble methods},
  author={Gneiting, Tilmann and Raftery, Adrian E},
  journal={Science},
  volume={310},
  number={5746},
  pages={248--249},
  year={2005},
  publisher={American Association for the Advancement of Science},
  DOI={10.1126/science.1115255}
}

@book{hastie1990generalized,
  title={Generalized additive models},
  author={Hastie, Trevor J and Tibshirani, Robert J},
  volume={43},
  year={1990},
  publisher={CRC press},
  doi={10.1002/9781118445112.stat03141}
}

@article{siegfried2020count,
  title={Count transformation models},
  author={Siegfried, Sandra and Hothorn, Torsten},
  journal={Methods in Ecology and Evolution},
  year={2020},
  volume = {11},
  number = {7},
  pages = {818-827},
  publisher={Wiley Online Library},
  doi={10.1111/2041-210X.13383}
}

@article{hothorn2020tbm,
  title={Transformation boosting machines},
  author={Hothorn, Torsten},
  journal={Statistics and Computing},
  volume={30},
  number={1},
  pages={141--152},
  year={2020},
  publisher={Springer},
  doi={10.1007/s11222-019-09870-4}
}

@article{buri2020model,
  title={Model-based random forests for ordinal regression},
  author={Buri, Muriel and Hothorn, Torsten},
  journal={The International Journal of Biostatistics},
  volume={1},
  number={ahead-of-print},
  year={2020},
  publisher={De Gruyter},
  doi={10.1515/ijb-2019-0063}
}

@article{hothorn2017traforest,
  title={Transformation forests},
  author={Hothorn, Torsten and Zeileis, Achim},
  journal={arXiv preprint arXiv:1701.02110},
  year={2017}
}

@Book{wood2017gam,
    title = {{Generalized Additive Models: An Introduction with R}},
    year = {2017},
    author = {Wood, Simon N},
    edition = {2},
    publisher = {Chapman and Hall/CRC},
  }

@Manual{pkg:mlt,
  title = {\pkg{mlt}: Most Likely Transformations},
  author = {Torsten Hothorn},
  year = {2020},
  note = {\proglang{R} package version 1.2-0},
  url = {https://CRAN.R-project.org/package=mlt},
}
@Manual{pkg:tram,
  title = {\pkg{tram}: Transformation Models},
  author = {Torsten Hothorn},
  year = {2020},
  note = {\proglang{R} package version 0.5-1},
  url = {https://CRAN.R-project.org/package=tram},
}
@Manual{pkg:ordinal,
  title = {\pkg{ordinal}: Regression Models for Ordinal Data},
  author = {Rune Haubo Bojesen Christensen},
  year = {2019},
  note = {\proglang{R} package version 2019.12-10},
  url = {https://CRAN.R-project.org/package=ordinal},
}

@Manual{pkg:base,
  title = {R: A Language and Environment for Statistical Computing},
  author = {{R Core Team}},
  organization = {R Foundation for Statistical Computing},
  address = {Vienna, Austria},
  year = {2020},
  url = {https://www.R-project.org/},
}

@article{rugamer2020unifying,
  title={A Unifying Network Architecture for Semi-Structured Deep Distributional Learning},
  author={R{\"u}gamer, David and Kolb, Chris and Klein, Nadja},
  journal={arXiv preprint arXiv:2002.05777},
  url={https://arxiv.org/abs/2002.05777},
  year={2020}
}

@article{baumann2020deep,
  title={Deep Conditional Transformation Models},
  author={Baumann, Philipp FM and Hothorn, Torsten and R{\"u}gamer, David},
  journal={arXiv preprint arXiv:2010.07860},
  year={2020}
}

@article{farrington2000residuals,
author = {Farrington, C P},
doi = {10.1111/j.0006-341X.2000.00473.x},
journal = {Biometrics},
keywords = {Interval-censoring,Proportional hazards,Regression diagnostic,Residual,Survival},
number = {2},
pages = {473--482},
pmid = {10877306},
title = {{Residuals for Proportional Hazards Models with Interval-Censored Survival Data}},
volume = {56},
year = {2000}
}

@article{lagakos1981residuals,
author = {Lagakos, S. W.},
doi = {10.1093/biomet/68.1.93},
journal = {Biometrika},
keywords = {Censored observation,Covariate model,Graphical method,Model testing,Rank regression,Residual,Survival data},
mendeley-groups = {Residuals},
number = {1},
pages = {93--98},
title = {{The graphical evaluation of explanatory variables in proportional hazard regression models}},
volume = {68},
year = {1981}
}

@article{hothorn2014conditional,
archivePrefix = {arXiv},
arxivId = {1201.5786},
author = {Hothorn, Torsten and Kneib, Thomas and B{\"{u}}hlmann, Peter},
doi = {10.1111/rssb.12017},
eprint = {1201.5786},
journal = {Journal of the Royal Statistical Society. Series B: Statistical Methodology},
keywords = {Boosting,Conditional distribution function,Conditional quantile function,Continuous ranked probability score,Prediction intervals,Structured additive regression},
number = {1},
pages = {3--27},
publisher = {[Royal Statistical Society, Wiley]},
title = {{Conditional transformation models}},
volume = {76},
year = {2014}
}

@article{hothorn2018most,
archivePrefix = {arXiv},
arxivId = {1508.06749},
author = {Hothorn, Torsten and M{\"{o}}st, Lisa and B{\"{u}}hlmann, Peter},
doi = {10.1111/sjos.12291},
eprint = {1508.06749},
journal = {Scandinavian Journal of Statistics},
keywords = {censoring,conditional distribution function,conditional quantile function,distribution regression,transformation model,truncation},
number = {1},
pages = {110--134},
publisher = {Blackwell Publishing Ltd},
title = {{Most Likely Transformations}},
volume = {45},
year = {2018}
}

@article{cox1968general,
author = {Cox, D. R. and Snell, E. J.},
doi = {10.1111/j.2517-6161.1968.tb00724.x},
journal = {Journal of the Royal Statistical Society: Series B (Methodological)},
number = {2},
pages = {248--265},
title = {{A General Definition of Residuals}},
volume = {30},
year = {1968}
}

@article{barlow1988residuals,
author = {Barlow, William E. and Prentice, Ross L.},
doi = {10.1093/biomet/75.1.65},
journal = {Biometrika},
keywords = {Case-control study,Censoring,Failure time data,Influence function,Proportional hazards,Regression diagnostic,Relative risk regression,Residual},
number = {1},
pages = {65--74},
title = {{Residuals for relative risk regression}},
volume = {75},
year = {1988}
}

@article{efron2020prediction,
author = {Efron, Bradley},
doi = {10.1080/01621459.2020.1762613},
journal = {Journal of the American Statistical Association},
keywords = {Black box,Ephemeral predictors,Random forests,Surface plus noise},
number = {530},
pages = {636--655},
publisher = {Taylor {\&} Francis},
title = {{Prediction, Estimation, and Attribution}},
volume = {115},
year = {2020}
}

@article{lohse2017continuous,
author = {Lohse, Tina and Rohrmann, Sabine and Faeh, David and Hothorn, Torsten},
doi = {10.12688/f1000research.12934.1},
journal = {F1000Research},
keywords = {Conditional distribution,Distribution regression,Odds ratio,Smoking,Transformation model},
pages = {1933},
publisher = {Faculty of 1000 Ltd},
title = {{Continuous outcome logistic regression for analyzing body mass index distributions}},
volume = {6},
year = {2017}
}

@article{cox1972regression,
author = {Cox, D. R.},
doi = {10.1111/j.2517-6161.1972.tb00899.x},
journal = {Journal of the Royal Statistical Society: Series B (Methodological)},
keywords = {accelerated life tests,age-specific failure rate,asymptotic theory,censored data,conditional inference,hazard function,life table,limit estimate,medical applications,product,regression,reliability,theory,two-sample rank tests},
mendeley-groups = {DL Ordinal},
number = {2},
pages = {187--202},
title = {{Regression Models and Life-Tables}},
volume = {34},
year = {1972}
}

@article{tibshirani1996regression,
author = {Tibshirani, Robert},
doi = {10.1111/j.2517-6161.1996.tb02080.x},
journal = {Journal of the Royal Statistical Society: Series B (Methodological)},
keywords = {quadratic programming,regression,shrinkage,subset selection},
number = {1},
pages = {267--288},
publisher = {Wiley},
title = {{Regression Shrinkage and Selection Via the Lasso}},
volume = {58},
year = {1996}
}

@article{kook2020regularized,
  author = {Lucas Kook and Torsten Hothorn},
  title = {{Regularized Transformation Models: The tramnet Package}},
  year = {2021},
  journal = {{The R Journal}},
  doi = {10.32614/RJ-2021-054},
  pages = {581--594},
  volume = {13},
  number = {1}
}

@article{therneau1990martingale,
author = {Therneau, T. M. and Grambsch, P. M. and Fleming, T. R.},
doi = {10.1093/biomet/77.1.147},
journal = {Biometrika},
keywords = {Cox regression,Deviance,Influence function,Martingale,Outlier detection,Proportional hazards,Regression diagnostic,Residual},
number = {1},
pages = {147--160},
title = {{Martingale-based residuals for survival models}},
volume = {77},
year = {1990}
}

@article{fu2020cvxr,
  doi = {10.18637/jss.v094.i14},
  year = {2020},
  publisher = {Foundation for Open Access Statistic},
  volume = {94},
  number = {14},
  author = {Anqi Fu and Balasubramanian Narasimhan and Stephen Boyd},
  title = {{{CVXR}: An R Package for Disciplined Convex Optimization}},
  journal = {Journal of Statistical Software}
}

@book{boyd2004convex,
  title={Convex Optimization},
  author={Boyd, Stephen and Vandenberghe, Lieven},
  year={2004},
  publisher={Cambridge University Press},
  DOI = {10.1017/CBO9780511804441}
}

@article{kook2020ordinal,
  doi = {10.1016/j.patcog.2021.108263},
  year = {2022},
  month = feb,
  publisher = {Elsevier {BV}},
  volume = {122},
  pages = {108263},
  author = {Lucas Kook and Lisa Herzog and Torsten Hothorn and Oliver D\"{u}rr and Beate Sick},
  title = {Deep and interpretable regression models for ordinal outcomes},
  journal = {Pattern Recognition}
}

@article{kneib2013beyond,
  title={Beyond mean regression},
  author={Kneib, Thomas},
  journal={Statistical Modelling},
  doi={https://doi.org/10.1177\%2F1471082X13494159},
  volume={13},
  number={4},
  pages={275--303},
  year={2013},
  publisher={Sage Publications Sage India: New Delhi, India}
}

@article{cox1975partial,
author = {Cox, D. R.},
doi = {10.1093/biomet/62.2.269},
journal = {Biometrika},
keywords = {Asymptotic theory,Censoring,Conditional likelihood,Life table,Marginal likelihood,Regression,Stochastic processes},
number = {2},
pages = {269--276},
publisher = {Oxford Academic},
title = {{Partial likelihood}},
volume = {62},
year = {1975}
}

@book{lindsey1996parametric,
  title={Parametric statistical inference},
  author={Lindsey, James K and others},
  year={1996},
  publisher={Oxford University Press}
}

@article{pkg:mlt,
author = {Hothorn, Torsten},
doi = {10.18637/jss.v092.i01},
journal = {Journal of Statistical Software},
keywords = {Censoring,Conditional distribution function,Conditional quantile function,Distribution regression,Transformation analysis,Transformation model,Truncation},
number = {1},
title = {{Most Likely Transformations: The mlt Package}},
volume = {92},
year = {2020}
}

@article{good1952rational,
 doi = {10.1111/j.2517-6161.1952.tb00104.x},
 author = {I. J. Good},
 journal = {Journal of the Royal Statistical Society. Series B (Methodological)},
 number = {1},
 pages = {107--114},
 publisher = {[Royal Statistical Society, Wiley]},
 title = {Rational Decisions},
 volume = {14},
 year = {1952}
}

@article{gneiting2007strictly,
  doi = {10.1198/016214506000001437},
  year = {2007},
  publisher = {Informa {UK} Limited},
  volume = {102},
  number = {477},
  pages = {359--378},
  author = {Tilmann Gneiting and Adrian E Raftery},
  title = {Strictly Proper Scoring Rules, Prediction, and Estimation},
  journal = {Journal of the American Statistical Association}
}

@article{stasinopoulos2007gamlss,
  doi = {10.18637/jss.v023.i07},
  year = {2007},
  publisher = {Foundation for Open Access Statistic},
  volume = {23},
  number = {7},
  author = {D Mikis Stasinopoulos and Robert A Rigby},
  journal = {Journal of Statistical Software},
  title = {Generalized Additive Models for Location Scale and Shape ({GAMLSS}) {inR}}
}

@article{rugamer2021timeseries,
  url = {https://arxiv.org/abs/2110.08248},
  year = {2021},
  journal = {arXiv preprint at arXiv:2110.08248},
  author = {David R\"ugamer and Philipp FM Baumann and Thomas Kneib and Torsten Hothorn},
  title = {Transforming Autoregression: Interpretable and Expressive Time Series Forecast}
}

@Book{pkg:mgcv,
    title = {Generalized Additive Models: An Introduction with R},
    year = {2017},
    author = {Simon N Wood},
    edition = {2},
    publisher = {Chapman and Hall/CRC},
  }

@article{Buri2020,
  doi = {10.1186/s12874-020-00984-2},
  year = {2020},
  publisher = {Springer Science and Business Media {LLC}},
  volume = {20},
  number = {1},
  author = {Muriel Buri and Armin Curt and John Steeves and Torsten Hothorn},
  title = {Baseline-adjusted proportional odds models for the quantification of treatment effects in trials with ordinal sum score outcomes},
  journal = {{BMC} Medical Research Methodology}
}

@book{steyerberg2019,
  title={Clinical prediction models},
  author={Steyerberg, Ewout W and others},
  year={2019},
  publisher={Springer}
}

@article{hothorn2018topdown,
author = {Torsten Hothorn},
title ={Top-down transformation choice},
journal = {Statistical Modelling},
volume = {18},
number = {3-4},
pages = {274-298},
year = {2018},
doi = {10.1177/1471082X17748081}
}

@article{Zhu2020abess,
  doi = {10.1073/pnas.2014241117},
  year = {2020},
  publisher = {Proceedings of the National Academy of Sciences},
  volume = {117},
  number = {52},
  pages = {33117--33123},
  author = {Junxian Zhu and Canhong Wen and Jin Zhu and Heping Zhang and Xueqin Wang},
  title = {A polynomial algorithm for best-subset selection problem},
  journal = {Proceedings of the National Academy of Sciences}
}

@article{kook2021danchor,
archivePrefix = {arXiv},
arxivId = {2101.08224},
author = {Kook, Lucas and Sick, Beate and B{\"{u}}hlmann, Peter},
eprint = {2101.08224},
keywords = {anchor regression,covariate shift,diluted causality,distributional regression,out-of-distribution generalization,trans-formation models},
title = {{Distributional Anchor Regression}},
url = {http://arxiv.org/abs/2101.08224},
year = {2021},
journal = {preprint arXiv:2101.08224}
}

@article{zou2005regularization,
  doi = {10.1111/j.1467-9868.2005.00503.x},
  year = {2005},
  publisher = {Wiley},
  volume = {67},
  number = {2},
  pages = {301--320},
  author = {Hui Zou and Trevor Hastie},
  title = {Regularization and variable selection via the elastic net},
  journal = {Journal of the Royal Statistical Society: Series B (Statistical Methodology)}
}

@article{siegfried2022distribution,
  title={Distribution-Free Location-Scale Regression},
  author={Siegfried, Sandra and Kook, Lucas and Hothorn, Torsten},
  journal={arXiv preprint arXiv:2208.05302},
  doi={10.48550/arXiv.2208.05302},
  year={2022}
}
