@article{Andrew_1993,
  title = {Density-dependent foraging in the sea urchin {Centrostephanus} rodgersii on shallow subtidal reefs in {New} {South} {Wales}, {Australia}},
  volume = {99},
  doi = {10.3354/meps099089},
  journal = {Marine Ecology Progress Series},
  author = {Neil L. Andrew and Antony J. Underwood},
  year = {1993},
  pages = {89--98},
}

@article{Douma_2019,
	title = {Analysing continuous proportions in ecology and evolution: {A} practical introduction to beta and {Dirichlet} regression},
	volume = {10},
	doi = {10.1111/2041-210X.13234},
	number = {9},
	journal = {Methods in Ecology and Evolution},
	author = {Douma, Jacob C. and Weedon, James T.},
	year = {2019},
	pages = {1412--1430},
}

@article{Brooks_2017,
    author = {Mollie E. Brooks and Kasper Kristensen and Koen J. {van Benthem} and Arni Magnusson and Casper W. Berg and Anders Nielsen and Hans J. Skaug and Martin M{\"a}chler and Benjamin M. Bolker},
    title = {{glmmTMB} Balances Speed and Flexibility Among Packages for Zero-inflated Generalized Linear Mixed Modeling},
    year = {2017},
    journal = {The R Journal},
    volume = {9},
    number = {2},
    pages = {378--400},
    doi = {10.32614/RJ-2017-066},
}

@article{Hulvey_2021,
  title = {Rotational Grazing Can Mitigate Ecosystem Service Trade-offs Between
           Livestock Production and Water Quality in Semi-arid Rangelands},
  volume = {58},
  doi = {10.1111/1365-2664.13954},
  number = {10},
  journal = {Journal of Applied Ecology},
  author = {Hulvey, Kristin B. and Mellon, Cassie D. and Kleinhesselink, Andrew R.},
  year = {2021},
  pages = {2113--2123},
}

@article{Thas_2012,
  title = {Probabilistic Index Models},
  volume = {74},
  doi = {10.1111/j.1467-9868.2011.01020.x},
  number = {4},
  journal = {Journal of the Royal Statistical Society: Series B (Statistical Methodology)},
  author = {Thas, Olivier and Neve, Jan De and Clement, Lieven and Ottoy, Jean-Pierre},
  year = {2012},
  pages = {623--671},
}

@article{Juarez_2021,
  title = {Variable coverage in an {Autocidal} {Gravid} {Ovitrap} intervention impacts efficacy of {Aedes} aegypti control},
  volume = {58},
  doi = {10.1111/1365-2664.13951},
  number = {10},
  journal = {Journal of Applied Ecology},
  author = {Juarez, Jose G. and Chaves, Luis F. and Garcia-Luna, Selene M. and Martin, Estelle and Badillo-Vargas, Ismael and Medeiros, Matthew C. I. and Hamer, Gabriel L.},
  year = {2021},
  pages = {2075--2086},
}

@unpublished{Tamasi_2022,
  title = {Mixed-Effects Additive Transformation Models},
  author = {B\'alint Tam\'asi and Torsten Hothorn},
  year = {2022},
  note = {manuscript under preparation},
}

@article{Siegfried_Hothorn_2020,
  title = {Count Transformation Models},
  volume = {11},
  doi = {10.1111/2041-210X.13383},
  number = {7},
  journal = {Methods in Ecology and Evolution},
  author = {Sandra Siegfried and Torsten Hothorn},
  year = {2020},
  pages = {818--827},
}

@article{Englmeier2022,
  title = {Diverse Effects of Climate, Land Use, and Insects on Dung and Carrion Decomposition},
  author = {Jana Englmeier and Oliver Mitesser and {M. Eric} Benbow and Torsten Hothorn and
  Christian {von Hoermann} and Caryl Benjamin and Ute Fricke and Cristina Ganuza and Maria Haensel
  and Sarah Redlich and Rebekka Riebl and Sandra Rojas Botero and Thomas Rummler and
  Ingolf Steffan-Dewenter and Elisa Stengel and Cynthia Tobisch and Johannes Uhler and Lars Uphus and
  Jie Zhang and J{\"o}rg M{\"u}ller},
  year = {2022},
  journal = {Ecosystems},
  doi = {10.1007/s10021-022-00764-7}
}

@article{Farrington_2000,
  title = {Residuals for Proportional Hazards Models with Interval-Censored Survival Data},
  volume = {56},
  doi = {10.1111/j.0006-341X.2000.00473.x},
  number = {2},
  journal = {Biometrics},
  author = {Farrington, C. Paddy},
  year = {2000},
  pages = {473--482},
}

@book{Klein_Moeschberger_2003,
  address = {New York},
  edition = {2nd},
  series = {Statistics for biology and health},
  title = {Survival Analysis: Techniques for Censored and Truncated Data},
  publisher = {Springer},
  author = {Klein, John P. and Moeschberger, Melvin L.},
  year = {2003},
}

@article{Schielzeth_etal_2020,
  title = {Robustness of Linear Mixed-Effects Models to Violations of Distributional Assumptions},
  volume = {11},
  doi = {10.1111/2041-210X.13434},
  number = {9},
  journal = {Methods in Ecology and Evolution},
  author = {Schielzeth, Holger and Dingemanse, Niels J. and Nakagawa, Shinichi and Westneat, David F. and Allegue, Hassen and Teplitsky, Céline and Réale, Denis and Dochtermann, Ned A. and Garamszegi, László Zsolt and Araya-Ajoy, Yimen G.},
  year = {2020},
  pages = {1141--1152},
}

@Article{Tamasi_Hothorn_2021,
  author = {B{\'a}lint Tam{\'a}si and Torsten Hothorn},
  title = {\textbf{tramME}: Mixed-Effects Transformation Models Using
           {Template Model Builder}},
  year = 2021,
  volume = 13,
  number = 1,
  pages = {581--594},
  journal = {The R Journal},
  doi = {10.32614/RJ-2021-075}
}

@book{Ruppert_2003,
  address = {Cambridge; New York},
  series = {Cambridge series in statistical and probabilistic mathematics},
  title = {Semiparametric Regression},
  publisher = {Cambridge University Press},
  author = {Ruppert, David and Wand, M. P. and Carroll, Raymond J.},
  year = {2003},
}

@article{Wand_smoothing_2003,
  title = {Smoothing and mixed models},
  volume = {18},
  doi = {10.1007/s001800300142},
  number = {2},
  journal = {Computational Statistics},
  author = {Wand, Matt P.},
  year = {2003},
  pages = {223--249},
}

@book{Fahrmeir_2013,
  address = {New York},
  title = {Regression: Models, Methods and Applications},
  publisher = {Springer},
  author = {Fahrmeir, Ludwig and Kneib, Thomas and Lang, Stefan and Marx, Brian},
  year = {2013},
  doi = {10.1007/978-3-642-34333-9},
}

@article{Wood_2004,
  title = {Stable and Efficient Multiple Smoothing Parameter Estimation for Generalized Additive Models},
  volume = {99},
  doi = {10.1198/016214504000000980},
  number = {467},
  journal = {Journal of the American Statistical Association},
  author = {Wood, Simon N},
  year = {2004},
  pages = {673--686},
}

@article{Kristensenetal_2016,
  title = {{TMB}: Automatic Differentiation and {L}aplace Approximation},
  author = {Kasper Kristensen and Anders Nielsen and Casper W. Berg and Hans J. Skaug and Bradley M. Bell},
  journal = {Journal of Statistical Software},
  year = {2016},
  volume = {70},
  number = {5},
  pages = {1--21},
  doi = {10.18637/jss.v070.i05},
}

@article{Zheng_Cadigan_2021,
  title = {Frequentist Delta-Variance Approximations with Mixed-Effects Models and {TMB}},
  volume = {160},
  doi = {10.1016/j.csda.2021.107227},
  journal = {Computational Statistics \& Data Analysis},
  author = {Zheng, Nan and Cadigan, Noel},
  year = {2021},
  pages = {107227},
}

@article{Wood_2016,
  title = {Smoothing Parameter and Model Selection for General Smooth Models},
  volume = {111},
  doi = {10.1080/01621459.2016.1180986},
  number = {516},
  journal = {Journal of the American Statistical Association},
  author = {Wood, Simon N. and Pya, Natalya and Säfken, Benjamin},
  year = {2016},
  pages = {1548--1563},
}

@book{Wood_gam_2017,
  edition = {Second},
  title = {Generalized Additive Models: An Introduction with {R}},
  publisher = {CRC Press/Taylor \& Francis Group},
  address = {Boca Raton, FL, U.S.A.},
  author = {Wood, Simon N.},
  year = {2017},
}

@article{Hothorn_mlt_2020,
    title = {Most Likely Transformations: The mlt Package},
    author = {Torsten Hothorn},
    journal = {Journal of Statistical Software},
    year = {2020},
    volume = {92},
    number = {1},
    pages = {1--68},
    doi = {10.18637/jss.v092.i01},
}

@article{Hothornetal_2018,
  title = {Most Likely Transformations},
  volume = {45},
  doi = {10.1111/sjos.12291},
  number = {1},
  journal = {Scandinavian Journal of Statistics},
  author = {Torsten Hothorn and Lisa M{\"o}st and Peter B{\"u}hlmann},
  year = {2018},
  pages = {110--134},
}

@article{Farouki_2012,
  title = {The {Bernstein} Polynomial Basis: A Centennial Retrospective},
  journal = {Computer Aided Geometric Design},
  volume = {29},
  number = {6},
  pages = {379--419},
  year = {2012},
  doi = {10.1016/j.cagd.2012.03.001},
  author = {Rida T. Farouki},
}

@article{Bates_lme4_2015,
  title = {Fitting Linear Mixed-Effects Models Using \texttt{lme4}},
  author = {Bates, Douglas and M{\"a}chler, Martin and Bolker, Benjamin M. and Walker, Steve},
  journal = {Journal of Statistical Software},
  year = {2015},
  volume = {67},
  number = {1},
  pages = {1--48},
  doi = {10.18637/jss.v067.i01},
}

@article{Kass_Steffey_1989,
  title = {Approximate {Bayesian} Inference in Conditionally Independent Hierarchical Models (Parametric Empirical {Bayes} Models)},
  volume = {84},
  doi = {10.1080/01621459.1989.10478825},
  number = {407},
  journal = {Journal of the American Statistical Association},
  author = {Kass, Robert E. and Steffey, Duane},
  year = {1989},
  pages = {717--726},
}
