../pkg/mlt.docreg/vignettes/packages_static.bib