@Manual{pkg:gamlss,
  title = {gamlss: Generalised Additive Models for Location Scale and Shape},
  author = {Mikis Stasinopoulos and Bob Rigby},
  year = {2016},
  note = {R package version 4.3-7},
  url = {https://CRAN.R-project.org/package=gamlss},
}
@Manual{pkg:mlt, 

          title = {mlt: Most Likely Transformations},

          author = {Torsten Hothorn},

          url = {https://r-forge.r-project.org/projects/ctm/},

          year = {2015},

          note = {R package version 0.0-15, svn revision 313}}

