../pkg/mlt.docreg/vignettes/mlt.bib