@Manual{pkg:ICsurv,
  title = {\pkg{ICsurv}: A Package for Semiparametric Regression Analysis of Interval-censored Data},
  author = {Christopher S. McMahan and Lianming Wang},
  year = {2022},
  note = {\proglang{R} package version 1.0.1},
  url = {https://CRAN.R-project.org/package=ICsurv},
}
@Manual{pkg:polspline,
  title = {\pkg{polspline}: Polynomial Spline Routines},
  author = {Charles Kooperberg},
  year = {2023},
  note = {\proglang{R} package version 1.1.24},
  url = {https://CRAN.R-project.org/package=polspline},
}
@Manual{pkg:logspline,
  title = {\pkg{logspline}: Routines for Logspline Density Estimation},
  author = {Charles Kooperberg},
  year = {2023},
  note = {\proglang{R} package version 2.1.21},
  url = {https://CRAN.R-project.org/package=logspline},
}
@Manual{pkg:bshazard,
  title = {\pkg{bshazard}: Nonparametric Smoothing of the Hazard Function},
  author = {Paola Rebora,Agus Salim and Marie Reilly},
  year = {2018},
  note = {\proglang{R} package version 1.1},
  url = {https://CRAN.R-project.org/package=bshazard},
}
@Manual{pkg:gss,
  title = {\pkg{gss}: General Smoothing Splines},
  author = {Chong Gu},
  year = {2023},
  note = {\proglang{R} package version 2.2-7},
  url = {https://CRAN.R-project.org/package=gss},
}
@Manual{pkg:TransModel,
  title = {\pkg{TransModel}: Fit Linear Transformation Models for Right Censored Data},
  author = {Jie Zhou and Jiajia Zhang and Wenbin Lu},
  year = {2022},
  note = {\proglang{R} package version 2.3},
  url = {https://CRAN.R-project.org/package=TransModel},
}
@Manual{pkg:dynsurv,
  title = {\pkg{dynsurv}: Dynamic Models for Survival Data},
  author = {Wenjie Wang and Ming-Hui Chen and Xiaojing Wang and Jun Yan},
  year = {2023},
  note = {\proglang{R} package version 0.4-6},
  url = {https://CRAN.R-project.org/package=dynsurv},
}
@Manual{pkg:timereg,
  title = {\pkg{timereg}: Flexible Regression Models for Survival Data},
  author = {Thomas Scheike and Torben Martinussen and Jeremy Silver and Klaus Holst},
  year = {2023},
  note = {\proglang{R} package version 2.0.5},
  url = {https://CRAN.R-project.org/package=timereg},
}
@Manual{pkg:survivalMPL,
  title = {\pkg{survivalMPL}: Penalised Maximum Likelihood for Survival Analysis Models},
  author = {Dominique-Laurent Couturier and Jun Ma and Stephane Heritier and Maurizio Manuguerra.},
  year = {2022},
  note = {\proglang{R} package version 0.2-3},
  url = {https://CRAN.R-project.org/package=survivalMPL},
}
@Manual{pkg:gamlss,
  title = {\pkg{gamlss}: Generalised Additive Models for Location Scale and Shape},
  author = {Mikis Stasinopoulos and Robert Rigby},
  year = {2023},
  note = {\proglang{R} package version 5.4-20},
  url = {https://CRAN.R-project.org/package=gamlss},
}
@Manual{pkg:muhaz,
  title = {\pkg{muhaz}: Hazard Function Estimation in Survival Analysis},
  author = {Kenneth Hess and Robert Gentleman},
  year = {2021},
  note = {\proglang{R} package version 1.2.6.4},
  url = {https://CRAN.R-project.org/package=muhaz},
}
@Manual{pkg:ordinal,
  title = {\pkg{ordinal}: Regression Models for Ordinal Data},
  author = {Rune Haubo Bojesen Christensen},
  year = {2023},
  note = {\proglang{R} package version 2023.12-4},
  url = {https://CRAN.R-project.org/package=ordinal},
}
@Manual{pkg:VGAM,
  title = {\pkg{VGAM}: Vector Generalized Linear and Additive Models},
  author = {Thomas Yee},
  year = {2024},
  note = {\proglang{R} package version 1.1-10},
  url = {https://CRAN.R-project.org/package=VGAM},
}
