@Article{penalizedpaper,
  title = {L1 penalized estimation in the {Cox} proportional hazards model},
  author = {J. J. Goeman},
  journal = {Biometrical Journal},
  number = {52},
  issue = {1},
  pages = {-14},
  year = {2010},
}

@Article{glmnetpaper,
  title = {Regularization Paths for Generalized Linear Models via Coordinate Descent},
  author = {Jerome Friedman and Trevor Hastie and Robert Tibshirani},
  journal = {Journal of Statistical Software},
  year = {2010},
  volume = {33},
  number = {1},
  pages = {1--22},
  url = {http://www.jstatsoft.org/v33/i01/},
}

@Article{COLRpaper,
  AUTHOR = {Lohse, T and Rohrmann, S and Faeh, D and Hothorn, T},
  TITLE = {Continuous outcome logistic regression for analyzing body mass
           index distributions [version 1; peer review: 3 approved]},
  JOURNAL = {F1000Research},
  VOLUME = {6},
  YEAR = {2017},
  NUMBER = {1933},
  DOI = {10.12688/f1000research.12934.1}
}

@article{trampkg,
  title={Transformation Models: The tram Package},
  year = {2019},
  author={Hothorn, Torsten},
  note={R package vignette version 0.2-6},
  URL = {https://CRAN.R-project.org/package=tram}
}

@article{boxcox,
  title={An analysis of transformations},
  author={Box, George EP and Cox, David R},
  journal={Journal of the Royal Statistical Society: Series B (Methodological)},
  volume={26},
  number={2},
  pages={211--243},
  year={1964},
  publisher={Wiley Online Library}
}

@article{mltpaper,
  title={Most likely transformations},
  author={Hothorn, Torsten and M{\"o}st, Lisa and B{\"u}hlmann, Peter},
  journal={Scandinavian Journal of Statistics},
  volume={45},
  number={1},
  pages={110--134},
  year={2018},
  publisher={Wiley Online Library}
}

@article{ctmpaper,
  title={Conditional transformation models},
  author={Hothorn, Torsten and Kneib, Thomas and B{\"u}hlmann, Peter},
  journal={Journal of the Royal Statistical Society: Series B (Statistical Methodology)},
  volume={76},
  number={1},
  pages={3--27},
  year={2014},
  publisher={Wiley Online Library}
}

@Manual{CVXRpaper,
  title = {CVXR: Disciplined Convex Optimization},
  author = {Anqi Fu and Balasubramanian Narasimhan and Steven Diamond and John Miller},
  year = {2019},
  note = {R package version 0.99-5},
  url = {https://CRAN.R-project.org/package=CVXR},
}

@article{lasso1996,
  title={Regression shrinkage and selection via the {LASSO}},
  author={Tibshirani, Robert},
  journal={Journal of the Royal Statistical Society: Series B (Methodological)},
  volume={58},
  number={1},
  pages={267--288},
  year={1996},
  publisher={Wiley Online Library}
}

@article{hoerl1970ridge,
  title={Ridge regression: Biased estimation for nonorthogonal problems},
  author={Hoerl, Arthur E and Kennard, Robert W},
  journal={Technometrics},
  volume={12},
  number={1},
  pages={55--67},
  year={1970},
  publisher={Taylor \& Francis Group}
}

@article{zou2005regularization,
  title={Regularization and variable selection via the elastic net},
  author={Zou, Hui and Hastie, Trevor},
  journal={Journal of the Royal Statistical Society: Series B (Statistical Methodology)},
  volume={67},
  number={2},
  pages={301--320},
  year={2005},
  publisher={Wiley Online Library}
}

@article{efron2004,
  title={Least angle regression},
  author={Efron, Bradley and Hastie, Trevor and Johnstone, Iain and Tibshirani, Robert and others},
  journal={The Annals of statistics},
  volume={32},
  number={2},
  pages={407--499},
  year={2004},
  publisher={Institute of Mathematical Statistics}
}

@incollection{DCPpaper,
  title={Disciplined convex programming},
  author={Grant, Michael and Boyd, Stephen and Ye, Yinyu},
  booktitle={Global optimization},
  pages={155--210},
  year={2006},
  publisher={Springer}
}

@Manual{mltdocreg,
  title = {mlt.docreg: Most Likely Transformations: Documentation and Regression Tests},
  author = {Torsten Hothorn},
  year = {2019},
  note = {R package version 1.0-3},
  url = {https://CRAN.R-project.org/package=mlt.docreg},
}

@Article{mltjss,
    title = {Most Likely Transformations: The mlt Package},
    author = {Torsten Hothorn},
    journal = {Journal of Statistical Software},
    year = {2018},
}

@incollection{BH2,
  title={The hedonic price approach to measuring demand for neighborhood characteristics},
  author={Freeman III, A Myrick},
  booktitle={The economics of neighborhood},
  pages={191--217},
  year={1979},
  publisher={Elsevier}
}

@article{van2002gene,
  title={A gene-expression signature as a predictor of survival in breast cancer},
  author={Van De Vijver, Marc J and He, Yudong D and Van't Veer, Laura J and Dai,
          Hongyue and Hart, Augustinus AM and Voskuil, Dorien W and Schreiber,
          George J and Peterse, Johannes L and Roberts, Chris and Marton,
          Matthew J and others},
  journal={New England Journal of Medicine},
  volume={347},
  number={25},
  pages={1999--2009},
  year={2002},
  publisher={Mass Medical Soc}
}

@article{lehmann1953,
  title={The power of rank tests},
  author={Lehmann, Erich L and others},
  journal={The Annals of Mathematical Statistics},
  volume={24},
  number={1},
  pages={23--43},
  year={1953},
  publisher={Institute of Mathematical Statistics}
}

@article{good1952,
 URL = {http://www.jstor.org/stable/2984087},
 abstract = {This paper deals first with the relationship between the theory of probability and the theory of rational behaviour. A method is then suggested for encouraging people to make accurate probability estimates, a connection with the theory of information being mentioned. Finally Wald's theory of statistical decision functions is summarised and generalised and its relation to the theory of rational behaviour is discussed.},
 author = {I. J. Good},
 journal = {Journal of the Royal Statistical Society. Series B (Methodological)},
 number = {1},
 pages = {107--114},
 publisher = {[Royal Statistical Society, Wiley]},
 title = {Rational Decisions},
 volume = {14},
 year = {1952}
}

@Manual{pkg:trtf,
  title = {trtf: Transformation Trees and Forests},
  author = {Torsten Hothorn},
  year = {2019},
  note = {R package version 0.3-5},
  url = {https://CRAN.R-project.org/package=trtf},
}

@article{hothorn2019tbm,
  title={Transformation boosting machines},
  author={Hothorn, Torsten},
  journal={Statistics and Computing},
  pages={1--12},
  year={2019},
  publisher={Springer}
}

@Manual{pkg:tbm,
  title = {tbm: Transformation Boosting Machines},
  author = {Torsten Hothorn},
  year = {2019},
  note = {R package version 0.3-0},
  url = {https://CRAN.R-project.org/package=tbm},
}

@Manual{mlrMBO,
    title = {{{{mlrMBO}}: {{A Modular Framework}} for {{Model}}-{{Based Optimization}} of {{Expensive Black}}-{{Box Functions}}}},
    author = {Bernd Bischl and Jakob Richter and Jakob Bossek and Daniel Horn and Janek Thomas and Michel Lang},
    year = {2017},
    url = {http://arxiv.org/abs/1703.03373},
}

@inproceedings{mbopaper,
  title={Multi-objective parameter configuration of machine learning algorithms using model-based optimization},
  author={Horn, Daniel and Bischl, Bernd},
  booktitle={2016 IEEE Symposium Series on Computational Intelligence (SSCI)},
  pages={1--8},
  year={2016},
  organization={IEEE}
}

@article{stamey1989prostate,
  title={Prostate specific antigen in the diagnosis and treatment of adenocarcinoma of the prostate. II. Radical prostatectomy treated patients},
  author={Stamey, Thomas A and Kabalin, John N and McNeal, John E and Johnstone, Iain M and Freiha, Fuad and Redwine, Elise A and Yang, Norman},
  journal={The Journal of Urology},
  volume={141},
  number={5},
  pages={1076--1083},
  year={1989},
  publisher={Elsevier}
}

@inproceedings{tikhonov1943stability,
  title={On the stability of inverse problems},
  author={Tikhonov, Andrey Nikolayevich},
  booktitle={Dokl. Akad. Nauk SSSR},
  volume={39},
  pages={195--198},
  year={1943}
}

@Article{coinjss,
    title = {Implementing a class of permutation tests: The {coin} package},
    author = {Torsten Hothorn and Kurt Hornik and Mark A. {van de Wiel} and Achim Zeileis},
    journal = {Journal of Statistical Software},
    year = {2008},
    volume = {28},
    number = {8},
    pages = {1--23},
    doi = {10.18637/jss.v028.i08},
}

@book{boyd2004convex,
  title={Convex optimization},
  author={Boyd, Stephen and Vandenberghe, Lieven},
  year={2004},
  publisher={Cambridge university press}
}
